@BOOK{Starke2015,
	AUTHOR = {Gernot Starke},
	YEAR = {2015},
	TITLE = {Effektive Softwarearchitekturen - Ein praktischer Leitfaden},
	EDITION = {},
	ISBN = {978-3-446-44406-5},
	PUBLISHER = {Carl Hanser Verlag GmbH  Co KG},
	ADDRESS = {M}
}

@ONLINE{Hegner2016,
	author = {Marcus Hegner},
	title = {Methoden zur Evaluation von Software.},
	url = {http://www.gesis.org/fileadmin/upload/forschung/publikationen/gesis_reihen/iz_arbeitsberichte/ab_29.pdf},
	note = {Zugriff: 22.10.2016}
}

@ONLINE{ATAM_SEI,
	author = {Software Engineering Institute},
	title = {Architecture Tradeoff Analysis Method},
	url = {http://www.sei.cmu.edu/architecture/tools/evaluate/atam.cfm},
	note = {Zugriff: 22.10.2016}
}

@ONLINE{Clements2000,
	author = {Paul Clements, Rick Kazman und Mark Klein},
	title = {ATAM: Method for Architecture Evaluation},
	url = {http://www.sei.cmu.edu/reports/00tr004.pdf},
	note = {Zugriff: 22.10.2016}
}

@Inbook{Duenas1998,
	author={Juan C. Due{\~{n}}as, William L. de Oliveira
	und Juan A. de la Puente},
	title={A Software Architecture Evaluation Model},
	bookTitle={Development and Evolution of Software Architectures for Product Families: Second International ESPRIT ARES Workshop Las Palmas de Gran Canaria, Spain February 26--27, 1998 Proceedings},
	year={1998},
	publisher={Springer Berlin Heidelberg},
	pages={148--157},
	isbn={978-3-540-68383-4}
}

@Inbook {Basili1994,
	title = {Goal Question Metric (GQM) Approach},
	author = {van Solingen, Rini and Basili, Vic and Caldiera, Gianluigi and Rombach, H. Dieter},
	publisher = {John Wiley & Sons, Inc.},
	isbn = {9780471028956},
	booktitle = {Encyclopedia of Software Engineering},
	year = {2002}
}

@ONLINE{Assmann2002,
	author = {Danilo Assmann, Ralf Kalmar, Dr. Teade Punter},
	title = {Messen und Bewerten von Webapplikationen mit der Goal/Question/Metric Methode},
	url = {http://publica.fraunhofer.de/eprints/urn:nbn:de:0011-n-176425.pdf},
	note = {Zugriff: 22.10.2016}
}

@ONLINE{Habenicht2008,
	author = {Sascha-Ulf Habenicht},
	title = {Das GQM-Paradigma},
	url = {www.sascha.habenicht.name/publikationen/GQM-Paradigma.pdf},
	note = {Zugriff: 22.10.2016}
}

@ARTICLE{IEEE_TSE2002, 
	author={L. Dobrica and E. Niemela}, 
	journal={IEEE Transactions on Software Engineering}, 
	title={A survey on software architecture analysis methods}, 
	year={2002}, 
	volume={28}, 
	number={7}, 
	pages={638-653}, 
	doi={10.1109/TSE.2002.1019479}, 
	ISSN={0098-5589}, 
	month={Jul}
}

@TECHREPORT{ISOIEC25010,
	author = {{ISO/IEC}},
	publisher = {ISO/IEC},
	title = {{ISO/IEC 25010 - Systems and software engineering - Systems and software Quality Requirements and Evaluation (SQuaRE) - System and software quality models}},
	year = {2010}
}



@BOOK{Robertson2006,
	author = {Robertson, Suzanne and Robertson, James},
	title = {Mastering the Requirements Process (2Nd Edition)},
	year = {2006},
	isbn = {0321419499},
	publisher = {Addison-Wesley Professional},
}

@ARTICLE{Emam2008, 
	author={K. E. Emam and A. G. Koru}, 
	journal={IEEE Software}, 
	title={A Replicated Survey of IT Software Project Failures}, 
	year={2008}, 
	volume={25}, 
	number={5}, 
	pages={84-90},  
	doi={10.1109/MS.2008.107}, 
	ISSN={0740-7459}, 
	month={Sept}
}

@article{DeMarco2009,
	author = {Tom DeMarco, },
	title = {Software Engineering: An Idea Whose Time Has Come and Gone?},
	journal = {IEEE Software},
	volume = {26},
	number = {},
	issn = {0740-7459},
	year = {2009},
	pages = {96, 95},
	doi = {doi.ieeecomputersociety.org/10.1109/MS.2009.101},
	publisher = {IEEE Computer Society},
	address = {Los Alamitos, CA, USA},
}

@incollection{Wharton1994,
	author = {Wharton, Cathleen and Rieman, John and Lewis, Clayton and Polson, Peter},
	chapter = {The Cognitive Walkthrough Method: A Practitioner's Guide},
	title = {Usability Inspection Methods},
	year = {1994},
	isbn = {0-471-01877-5},
	pages = {105--140},
	publisher = {John Wiley \& Sons, Inc.}
} 