@Book{Starke2011,
	author = {Gernot Starke},
	title = {Effektive Softwarearchitekturen},
	chapter = 9,
	publisher = {Carl Hanser Verlag, MÃ¼nchen},
	year = {2011}
}

@ONLINE{Hegner2016,
	author = {Marcus Hegner},
	title = {Methoden zur Evaluation von Software.},
	url = {http://www.gesis.org/fileadmin/upload/forschung/publikationen/gesis_reihen/iz_arbeitsberichte/ab_29.pdf},
	note = {Zugriff: 22.10.2016}
}